@inproceedings{FProvost2000,
	Author = {Foster Provost},
	Title = {Machine Learning from Imbalanced Data Sets 101 (Extended Abstract)},
	Booktitle = {Papers from the AAAI Workshop Technical Report WS-00-05},
	Publisher = {AAAI Press},
	Year = {2000}}

@incollection{Turing1946,
	author = {A.M. Turing},
	title = {Lecture to the London Mathematieal Society on 20 February 1947},
	booktitle = {A. M. Turing's ACE report of 1946 and other papers},
	publisher = {MIT Press},
	year = {1986},
}

@article{Turing1950,
	author = {A.M. Turing},
	title = {Computing Machinery and Intelligence},
	journal = {Mind},
	year = {1950},
	volume = {59},
	pages = {433-460}
}
